@inproceedings{mystery,
  title={The Mystery Machine: End-to-end Performance Analysis of Large-scale Internet Services.},
  author={Chow, Michael and Meisner, David and Flinn, Jason and Peek, Daniel and Wenisch, Thomas F},
  booktitle={OSDI},
  pages={217--231},
  year={2014}
}

@inproceedings{timecard,
  title={Timecard: Controlling user-perceived delays in server-based mobile applications},
  author={Ravindranath, Lenin and Padhye, Jitendra and Mahajan, Ratul and Balakrishnan, Hari},
  booktitle={Proceedings of the Twenty-Fourth ACM Symposium on Operating Systems Principles},
  pages={85--100},
  year={2013},
  organization={ACM}
}

@inproceedings{dqbarge,
  title={DQBarge: Improving Data-Quality Tradeoffs in Large-Scale Internet Services.},
  author={Chow, Michael and Veeraraghavan, Kaushik and Cafarella, Michael J and Flinn, Jason},
  booktitle={OSDI},
  pages={771--786},
  year={2016}
}

@misc{amazon-revenue,
title={Amazon found every 100ms of latency cost them 1\% in sales.},
howpublished="\url{https://blog.gigaspaces.com/amazon-found-every-100ms-of-latency-cost-them-1-in-sales/}",
}

@misc{bing-revenue,
title={The User and Business Impact of Server Delays, Additional Bytes, and HTTP Chunking in Web Search Presentation},
howpublished="\url{https://conferences.oreilly.com/velocity/velocity2009/public/schedule/detail/8523}",
}

@misc{google-revenue,
title={Speed Matters for Google Web Search},
howpublished="\url{https://services.google.com/fh/files/blogs/google_delayexp.pdf}",
}

@inproceedings{shandian,
  title={Speeding up Web Page Loads with Shandian.},
  author={Wang, Xiao Sophia and Krishnamurthy, Arvind and Wetherall, David},
  booktitle={NSDI},
  pages={109--122},
  year={2016}
}

@inproceedings{gaze,
  title={Improving User Perceived Page Load Times Using Gaze.},
  author={Kelton, Conor and Ryoo, Jihoon and Balasubramanian, Aruna and Das, Samir R},
  booktitle={NSDI},
  pages={545--559},
  year={2017}
}

@inproceedings{rosen2017push,
  title={Push or request: An investigation of http/2 server push for improving mobile performance},
  author={Rosen, Sanae and Han, Bo and Hao, Shuai and Mao, Z Morley and Qian, Feng},
  booktitle={Proceedings of the 26th International Conference on World Wide Web},
  pages={459--468},
  year={2017},
  organization={International World Wide Web Conferences Steering Committee}
}

@misc{alto,
title={Application-layer traffic optimization (alto) problem statement},
howpublished="\url{https://tools.ietf.org/html/rfc5693}",
}

@article{frank2013pushing,
  title={Pushing CDN-ISP collaboration to the limit},
  author={Frank, Benjamin and Poese, Ingmar and Lin, Yin and Smaragdakis, Georgios and Feldmann, Anja and Maggs, Bruce and Rake, Jannis and Uhlig, Steve and Weber, Rick},
  journal={ACM SIGCOMM Computer Communication Review},
  volume={43},
  number={3},
  pages={34--44},
  year={2013},
  publisher={ACM}
}


@article{xie2008p4p,
  title={P4P: Provider portal for applications},
  author={Xie, Haiyong and Yang, Y Richard and Krishnamurthy, Arvind and Liu, Yanbin Grace and Silberschatz, Abraham},
  journal={ACM SIGCOMM Computer Communication Review},
  volume={38},
  number={4},
  pages={351--362},
  year={2008},
  publisher={ACM}
}


@inproceedings{wang2013demystify,
  title={Demystify page load performance with wprof},
  author={Wang, Xiao Sophia and Balasubramanian, Aruna and Krishnamurthy, Arvind and Wetherall, David},
  booktitle={In USENIX NSDI},
  year={2013},
  organization={Citeseer}
}

@inproceedings{balachandran2014modeling,
  title={Modeling web quality-of-experience on cellular networks},
  author={Balachandran, Athula and Aggarwal, Vaneet and Halepovic, Emir and Pang, Jeffrey and Seshan, Srinivasan and Venkataraman, Shobha and Yan, He},
  booktitle={Proceedings of the 20th annual international conference on Mobile computing and networking},
  pages={213--224},
  year={2014},
  organization={ACM}
}

@inproceedings{shafiq2014understanding,
  title={Understanding the impact of network dynamics on mobile video user engagement},
  author={Shafiq, Muhammad Zubair and Erman, Jeffrey and Ji, Lusheng and Liu, Alex X and Pang, Jeffrey and Wang, Jia},
  booktitle={ACM SIGMETRICS Performance Evaluation Review},
  volume={42},
  number={1},
  pages={367--379},
  year={2014},
  organization={ACM}
}

@misc{paul2013impact,
  title={Impact of HTTP object load time on web browsing qoe},
  author={Paul, Pangkaj Chandra and Quraishy, Golam Furkani},
  year={2013}
}

@inproceedings{balachandran2014modeling,
  title={Modeling web quality-of-experience on cellular networks},
  author={Balachandran, Athula and Aggarwal, Vaneet and Halepovic, Emir and Pang, Jeffrey and Seshan, Srinivasan and Venkataraman, Shobha and Yan, He},
  booktitle={Proceedings of the 20th annual international conference on Mobile computing and networking},
  pages={213--224},
  year={2014},
  organization={ACM}
}

@inproceedings{yadwadkar2014wrangler,
  title={Wrangler: Predictable and faster jobs using fewer resources},
  author={Yadwadkar, Neeraja J and Ananthanarayanan, Ganesh and Katz, Randy},
  booktitle={Proceedings of the ACM Symposium on Cloud Computing},
  pages={1--14},
  year={2014},
  organization={ACM}
}

@article{wilson2011better,
  title={Better never than late: Meeting deadlines in datacenter networks},
  author={Wilson, Christo and Ballani, Hitesh and Karagiannis, Thomas and Rowtron, Ant},
  journal={ACM SIGCOMM Computer Communication Review},
  volume={41},
  number={4},
  pages={50--61},
  year={2011},
  publisher={ACM}
}

@inproceedings{ananthanarayanan2014grass,
  title={GRASS: trimming stragglers in approximation analytics},
  author={Ananthanarayanan, Ganesh and Hung, Michael Chien-Chun and Ren, Xiaoqi and Stoica, Ion and Wierman, Adam and Yu, Minlan},
  booktitle={Proceedings of the 11th USENIX Conference on Networked Systems Design and Implementation},
  pages={289--302},
  year={2014},
  organization={USENIX Association}
}

@inproceedings{odin,
  title={Odin: Microsoftâ€™s Scalable Fault-Tolerant CDN Measurement System},
  author={Calder, Matt and Schr{\"o}der, Manuel and Ryan Gao, Ryan Stewart and Padhye, Jitendra and Mahajan, Ratul and Ananthanarayanan, Ganesh and Katz-Bassett, Ethan},
  booktitle={15th USENIX Symposium on Networked Systems Design and Implementation (NSDI 18)},
  year={2018},
  organization={USENIX Association}
}

@inproceedings{lecuyer2017harvesting,
  title={Harvesting Randomness to Optimize Distributed Systems},
  author={Lecuyer, Mathias and Lockerman, Joshua and Nelson, Lamont and Sen, Siddhartha and Sharma, Amit and Slivkins, Aleksandrs},
  booktitle={Proceedings of the 16th ACM Workshop on Hot Topics in Networks},
  pages={178--184},
  year={2017},
  organization={ACM}
}

@misc{kafka,
title={Apache Kafka},
howpublished="\url{https://kafka.apache.org/}",
}

@misc{rabbitmq,
title={RabbitMQ - Messaging that just works},
howpublished="\url{https://www.rabbitmq.com/}",
}

@misc{cassandra,
title={Apache Cassandra},
howpublished="\url{https://cassandra.apache.org//}",
}

@inproceedings{jalaparti2013speeding,
  title={Speeding up distributed request-response workflows},
  author={Jalaparti, Virajith and Bodik, Peter and Kandula, Srikanth and Menache, Ishai and Rybalkin, Mikhail and Yan, Chenyu},
  booktitle={ACM SIGCOMM Computer Communication Review},
  volume={43},
  number={4},
  pages={219--230},
  year={2013},
  organization={ACM}
}

@inproceedings{fazel2005network,
  title={Network utility maximization with nonconcave utilities using sum-of-squares method},
  author={Fazel, Maryam and Chiang, Mung},
  booktitle={Decision and Control, 2005 and 2005 European Control Conference. CDC-ECC'05. 44th IEEE Conference on},
  pages={1867--1874},
  year={2005},
  organization={IEEE}
}

@article{udell2013maximizing,
  title={Maximizing a sum of sigmoids},
  author={Udell, Madeleine and Boyd, Stephen},
  journal={Optimization and Engineering},
  year={2013},
  publisher={Citeseer}
}

@inproceedings{jayathilaka2015response,
  title={Response time service level agreements for cloud-hosted web applications},
  author={Jayathilaka, Hiranya and Krintz, Chandra and Wolski, Rich},
  booktitle={Proceedings of the Sixth ACM Symposium on Cloud Computing},
  pages={315--328},
  year={2015},
  organization={ACM}
}

@inproceedings{coflow,
  title={Efficient coflow scheduling with varys},
  author={Chowdhury, Mosharaf and Zhong, Yuan and Stoica, Ion},
  booktitle={ACM SIGCOMM Computer Communication Review},
  volume={44},
  number={4},
  pages={443--454},
  year={2014},
  organization={ACM}
}

@inproceedings{chowdhury2015efficient,
  title={Efficient coflow scheduling without prior knowledge},
  author={Chowdhury, Mosharaf and Stoica, Ion},
  booktitle={ACM SIGCOMM Computer Communication Review},
  volume={45},
  number={4},
  pages={393--406},
  year={2015},
  organization={ACM}
}

@article{barakovic2013survey,
  title={Survey and challenges of QoE management issues in wireless networks},
  author={Barakovi{\'c}, Sabina and Skorin-Kapov, Lea},
  journal={Journal of Computer Networks and Communications},
  volume={2013},
  year={2013},
  publisher={Hindawi}
}

@article{hobfeld2012challenges,
  title={Challenges of QoE management for cloud applications},
  author={Hobfeld, Tobias and Schatz, Raimund and Varela, Martin and Timmerer, Christian},
  journal={IEEE Communications Magazine},
  volume={50},
  number={4},
  year={2012},
  publisher={IEEE}
}

@article{seufert2015survey,
  title={A survey on quality of experience of HTTP adaptive streaming},
  author={Seufert, Michael and Egger, Sebastian and Slanina, Martin and Zinner, Thomas and Hossfeld, Tobias and Tran-Gia, Phuoc},
  journal={IEEE Communications Surveys \& Tutorials},
  volume={17},
  number={1},
  pages={469--492},
  year={2015},
  publisher={IEEE}
}

@inproceedings{huysegems2012session,
  title={Session reconstruction for HTTP adaptive streaming: Laying the foundation for network-based QoE monitoring},
  author={Huysegems, Raf and De Vleeschauwer, Bart and De Schepper, Koen and Hawinkel, Chris and Wu, Tingyao and Laevens, Koen and Van Leekwijck, Werner},
  booktitle={Proceedings of the 2012 IEEE 20th International Workshop on Quality of Service},
  pages={15},
  year={2012},
  organization={IEEE Press}
}

@inproceedings{petrangeli2015network,
  title={Network-based dynamic prioritization of HTTP adaptive streams to avoid video freezes},
  author={Petrangeli, Stefano and Wauters, Tim and Huysegems, Rafael and Bostoen, Tom and De Turck, Filip},
  booktitle={Integrated Network Management (IM), 2015 IFIP/IEEE International Symposium on},
  pages={1242--1248},
  year={2015},
  organization={IEEE}
}

@inproceedings{suresh2015c3,
  title={C3: Cutting tail latency in cloud data stores via adaptive replica selection},
  author={Suresh, P Lalith and Canini, Marco and Schmid, Stefan and Feldmann, Anja},
  booktitle={12th USENIX Symposium on Networked Systems Design and Implementation},
  pages={513--527},
  year={2015},
  organization={USENIX Association}
}

@inproceedings{jiang2009cooperative,
  title={Cooperative content distribution and traffic engineering in an ISP network},
  author={Jiang, Wenjie and Zhang-Shen, Rui and Rexford, Jennifer and Chiang, Mung},
  booktitle={ACM SIGMETRICS Performance Evaluation Review},
  volume={37},
  number={1},
  pages={239--250},
  year={2009},
  organization={ACM}
}

@inproceedings{wu2015costlo,
  title={CosTLO: Cost-Effective Redundancy for Lower Latency Variance on Cloud Storage Services.},
  author={Wu, Zhe and Yu, Curtis and Madhyastha, Harsha V},
  booktitle={NSDI},
  pages={543--557},
  year={2015}
}

@misc{akamai-report,
title={Akamai State of Online Retail Performance},
howpublished="\url{https://www.akamai.com/us/en/multimedia/documents/report/akamai-state-of-online-retail-performance-2017-holiday.pdf}",
}

@inproceedings{joseph2014nova,
  title={NOVA: QoE-driven optimization of DASH-based video delivery in networks},
  author={Joseph, Vinay and de Veciana, Gustavo},
  booktitle={INFOCOM, 2014 Proceedings IEEE},
  pages={82--90},
  year={2014},
  organization={IEEE}
}

@inproceedings{zhao2014lprof,
  title={lprof: A non-intrusive request flow profiler for distributed systems},
  author={Zhao, Xu and Zhang, Yongle and Lion, David and Ullah, Muhammad Faizan and Luo, Yu and Yuan, Ding and Stumm, Michael},
  booktitle={OSDI},
  volume={14},
  pages={629--644},
  year={2014}
}

@article{vamanan2012deadline,
  title={Deadline-aware datacenter tcp (d2tcp)},
  author={Vamanan, Balajee and Hasan, Jahangir and Vijaykumar, TN},
  journal={ACM SIGCOMM Computer Communication Review},
  volume={42},
  number={4},
  pages={115--126},
  year={2012},
  publisher={ACM}
}

@article{wilson2011better,
  title={Better never than late: Meeting deadlines in datacenter networks},
  author={Wilson, Christo and Ballani, Hitesh and Karagiannis, Thomas and Rowtron, Ant},
  journal={ACM SIGCOMM Computer Communication Review},
  volume={41},
  number={4},
  pages={50--61},
  year={2011},
  publisher={ACM}
}

@inproceedings{butkiewicz2015klotski,
  title={Klotski: Reprioritizing Web Content to Improve User Experience on Mobile Devices.},
  author={Butkiewicz, Michael and Wang, Daimeng and Wu, Zhe and Madhyastha, Harsha V and Sekar, Vyas},
  booktitle={NSDI},
  volume={1},
  number={1},
  pages={2--3},
  year={2015}
}

@inproceedings{netravali2016polaris,
  title={Polaris: Faster Page Loads Using Fine-grained Dependency Tracking.},
  author={Netravali, Ravi and Goyal, Ameesh and Mickens, James and Balakrishnan, Hari},
  booktitle={NSDI},
  pages={123--136},
  year={2016}
}

@inproceedings{jang2015silo,
  title={Silo: Predictable message latency in the cloud},
  author={Jang, Keon and Sherry, Justine and Ballani, Hitesh and Moncaster, Toby},
  booktitle={ACM SIGCOMM Computer Communication Review},
  volume={45},
  number={4},
  pages={435--448},
  year={2015},
  organization={ACM}
}

@inproceedings{serrano2013towards,
  title={Towards qos-oriented sla guarantees for online cloud services},
  author={Serrano, Dami{\'a}n and Bouchenak, Sara and Kouki, Yousri and Ledoux, Thomas and Lejeune, Jonathan and Sopena, Julien and Arantes, Luciana and Sens, Pierre},
  booktitle={Cluster, Cloud and Grid Computing (CCGrid), 2013 13th IEEE/ACM International Symposium on},
  pages={50--57},
  year={2013},
  organization={IEEE}
}