@inproceedings{dr-hotnets,
  title={Biases in Data-Driven Networking, and What to Do About Them},
  author={Bartulovic, Mihovil and Jiang, Junchen and Balakrishnan, Sivaraman and Sekar, Vyas and Sinopoli, Bruno},
  booktitle={Proceedings of the 16th ACM Workshop on Hot Topics in Networks},
  pages={192--198},
  year={2017},
  organization={ACM}
}

@inproceedings{pytheas,
  title={Pytheas: Enabling Data-Driven Quality of Experience Optimization Using Group-Based Exploration-Exploitation.},
  author={Jiang, Junchen and Sun, Shijie and Sekar, Vyas and Zhang, Hui},
  booktitle={NSDI},
  volume={1},
  pages={3},
  year={2017}
}

@inproceedings{cfa,
  title={CFA: A Practical Prediction System for Video QoE Optimization.},
  author={Jiang, Junchen and Sekar, Vyas and Milner, Henry and Shepherd, Davis and Stoica, Ion and Zhang, Hui},
  booktitle={NSDI},
  pages={137--150},
  year={2016}
}

@inproceedings{via,
  title={Via: Improving internet telephony call quality using predictive relay selection},
  author={Jiang, Junchen and Das, Rajdeep and Ananthanarayanan, Ganesh and Chou, Philip A and Padmanabhan, Venkata and Sekar, Vyas and Dominique, Esbjorn and Goliszewski, Marcin and Kukoleca, Dalibor and Vafin, Renat},
  booktitle={Proceedings of the 2016 ACM SIGCOMM Conference},
  pages={286--299},
  year={2016},
  organization={ACM}
}

@inproceedings{chameleon-sigcomm,
  title={Chameleon: Scalable Adaptation of Video Analytics via Temporal and Cross-camera Correlations},
  author={Jiang, Junchen and Ananthanarayanan, Ganesh and Bodik, Peter and Sen, Siddhartha and Stoica, Ion},
  booktitle={2018 ACM SIGCOMM},
  organization={ACM}
}

@inproceedings{dds-hotcloud,
  title={Reinventing Video Streaming for Distributed Vision Analytics},
  author={Pakha, Chrisma and Chowdhury, Aakanksha and Jiang, Junchen},
  booktitle={2018 USENIX HotCloud},
  organization={USENIX}
}

@misc{ihs-report,
title={IHS Report on Video Surveillance Trends 2017},
howpublished="\url{http://cdn.ihs.com/www/pdf/TEC-Video-Surveillance-Trends.pdf}",
}

@misc{ifsec-report,
title={8 trends in video surveillance for 2018},
howpublished="\url{https://www.ifsecglobal.com/8-trends-in-video-surveillance-for-2018/}",
}

@article{gubbi2013internet,
  title={Internet of Things (IoT): A vision, architectural elements, and future directions},
  author={Gubbi, Jayavardhana and Buyya, Rajkumar and Marusic, Slaven and Palaniswami, Marimuthu},
  journal={Future generation computer systems},
  volume={29},
  number={7},
  pages={1645--1660},
  year={2013},
  publisher={Elsevier}
}

@inproceedings{mei2017deep,
  title={Deep Learning for Intelligent Video Analysis},
  author={Mei, Tao and Zhang, Cha},
  booktitle={Proceedings of the 2017 ACM on Multimedia Conference},
  pages={1955--1956},
  year={2017},
  organization={ACM}
}

@misc{azure-gpu,
title={Microsoft Azure Linux Virtual Machines Pricing},
howpublished="\url{https://azure.microsoft.com/en-us/pricing/details/virtual-machines/linux/}",
}

@inproceedings{c3,
  title={C3: Internet-Scale Control Plane for Video Quality Optimization.},
  author={Ganjam, Aditya and Siddiqui, Faisal and Zhan, Jibin and Liu, Xi and Stoica, Ion and Jiang, Junchen and Sekar, Vyas and Zhang, Hui},
  booktitle={NSDI},
  volume={15},
  pages={131--144},
  year={2015}
}

@misc{river-chicago,
title={The RIVER (Research Infrastructure to explore Volatility, Energy-efficiency, and Resilience) system},
howpublished="\url{http://river.cs.uchicago.edu/}",
}

@inproceedings{eona,
  title={Eona: Experience-oriented network architecture},
  author={Jiang, Junchen and Liu, Xi and Sekar, Vyas and Stoica, Ion and Zhang, Hui},
  booktitle={Proceedings of the 13th ACM Workshop on Hot Topics in Networks},
  pages={11},
  year={2014},
  organization={ACM}
}
